<record><leader>00000cas a2200000 a 4500</leader><controlfield tag="001">26231731</controlfield><controlfield tag="008">920721d18951969iluwr ne      0   a0eng c</controlfield><datafield ind1=" " ind2=" " tag="010"><subfield code="a">sn 92053319 </subfield></datafield><datafield ind1=" " ind2=" " tag="040"><subfield code="a">NVF</subfield><subfield code="b">eng</subfield><subfield code="c">NVF</subfield><subfield code="d">MGN</subfield><subfield code="d">OCLCQ</subfield><subfield code="d">NVF</subfield><subfield code="d">CVF</subfield><subfield code="d">NVF</subfield><subfield code="d">OCLCO</subfield></datafield><datafield ind1="1" ind2=" " tag="029"><subfield code="a">AU@</subfield><subfield code="b">000020743520</subfield></datafield><datafield ind1=" " ind2=" " tag="042"><subfield code="a">pcc</subfield></datafield><datafield ind1=" " ind2=" " tag="043"><subfield code="a">n-us-il</subfield></datafield><datafield ind1="0" ind2=" " tag="130"><subfield code="a">Prophetstown echo (Prophetstown, Ill. : 1895)</subfield></datafield><datafield ind1="1" ind2="4" tag="245"><subfield code="a">The Prophetstown echo.</subfield></datafield><datafield ind1=" " ind2=" " tag="260"><subfield code="a">Prophetstown, Ill. :</subfield><subfield code="b">Wm. Wilson,</subfield><subfield code="c">1895-1969.</subfield></datafield><datafield ind1="2" ind2=" " tag="260"><subfield code="3">&lt;1915&gt;</subfield><subfield code="a">Prophetstown, Ill. :</subfield><subfield code="b">H.G. Hotchkiss</subfield></datafield><datafield ind1=" " ind2=" " tag="300"><subfield code="a">v.</subfield></datafield><datafield ind1=" " ind2=" " tag="310"><subfield code="a">Weekly</subfield></datafield><datafield ind1="0" ind2=" " tag="362"><subfield code="a">Vol. 4, no. 5 (July 26, 1895)-v. 81, no. 12 (Sept. 17, 1969).</subfield></datafield><datafield ind1=" " ind2=" " tag="515"><subfield code="a">Continues the numbering of Rock River Valley echo.</subfield></datafield><datafield ind1=" " ind2=" " tag="580"><subfield code="a">Formed by the union of: Prophetstown spike and: Rock River Valley echo.</subfield></datafield><datafield ind1=" " ind2="0" tag="651"><subfield code="a">Prophetstown (Ill.)</subfield><subfield code="v">Newspapers.Rock River Valley echo.</subfield></datafield><datafield ind1=" " ind2=" " tag="752"><subfield code="a">United States</subfield><subfield code="b">Illinois</subfield><subfield code="c">Whiteside County</subfield><subfield code="d">Prophetstown.</subfield></datafield><datafield ind1="1" ind2="4" tag="780"><subfield code="t">Prophetstown spike</subfield><subfield code="w">(DLC)sn 85034112</subfield><subfield code="w">(OCoLC)12425434</subfield></datafield><datafield ind1="1" ind2="4" tag="780"><subfield code="t">Rock River Valley echo</subfield><subfield code="w">(DLC)sn2006060407</subfield><subfield code="w">(OCoLC)71295941</subfield></datafield><datafield ind1="0" ind2="0" tag="785"><subfield code="t">Echo (Prophetstown, Ill.)</subfield><subfield code="w">(DLC)sn 92053320</subfield><subfield code="w">(OCoLC)26231769</subfield></datafield></record>